<?xml version="1.0" encoding="UTF-8"?><record xmlns="http://www.loc.gov/MARC21/slim" xmlns:cinclude="http://apache.org/cocoon/include/1.0" xmlns:zs="http://www.loc.gov/zing/srw/">
  <leader>00553cz  a2200145n  4500</leader>
  <controlfield tag="001">no2006004727</controlfield>
  <controlfield tag="003">DLC</controlfield>
  <controlfield tag="005">20080731075804.0</controlfield>
  <controlfield tag="008">060116n| acannaabn          |a aaa     c</controlfield>
  <datafield tag="010" ind1=" " ind2=" ">
    <subfield code="a">no2006004727</subfield>
  </datafield>
  <datafield tag="035" ind1=" " ind2=" ">
    <subfield code="a">(OCoLC)oca06828736</subfield>
  </datafield>
  <datafield tag="040" ind1=" " ind2=" ">
    <subfield code="a">NIC-Mu</subfield>
    <subfield code="b">eng</subfield>
    <subfield code="c">NIC-Mu</subfield>
    <subfield code="d">PU-AML</subfield>
    <subfield code="d">IEN</subfield>
  </datafield>
  <datafield tag="100" ind1="1" ind2=" ">
    <subfield code="a">Fonseca, Julio,</subfield>
    <subfield code="d">1885-1950.</subfield>
    <subfield code="t">Caperucita encarnada</subfield>
  </datafield>
  <datafield tag="400" ind1="1" ind2=" ">
    <subfield code="a">Fonseca, Julio,</subfield>
    <subfield code="d">1885-1950.</subfield>
    <subfield code="t">Obra escénica infantil</subfield>
  </datafield>
  <datafield tag="670" ind1=" " ind2=" ">
    <subfield code="a">Coro de niños de la Escuela de Artes Musicales. Canciones infantiles, 1999:</subfield>
    <subfield code="b">container (Caperucita encarnada : obra escénica infantil)</subfield>
  </datafield>
</record>